{
  "leader": "03294cam a2200541 a 4500",
  "fields": [
    {
      "001": "ocm27727189\\"
    },
    {
      "003": "OCoLC"
    },
    {
      "005": "20220728125216.0"
    },
    {
      "008": "930224s1993\\\\\\\\enk\\\\\\\\\\\\b\\\\\\\\001\\0\\eng\\\\"
    },
    {
      "010": {
        "ind1": "\\",
        "ind2": "\\",
        "subfields": [
          {
            "a": "   93014907 "
          }
        ]
      }
    },
    {
      "040": {
        "ind1": "\\",
        "ind2": "\\",
        "subfields": [
          {
            "a": "DLC"
          },
          {
            "b": "eng"
          },
          {
            "c": "DLC"
          },
          {
            "d": "UKM"
          },
          {
            "d": "BAKER"
          },
          {
            "d": "NLGGC"
          },
          {
            "d": "BTCTA"
          },
          {
            "d": "YDXCP"
          },
          {
            "d": "GEBAY"
          },
          {
            "d": "GBVCP"
          },
          {
            "d": "OCLCO"
          },
          {
            "d": "OCLCA"
          },
          {
            "d": "OCLCF"
          },
          {
            "d": "OCLCQ"
          },
          {
            "d": "OCLCO"
          },
          {
            "d": "DEBBG"
          },
          {
            "d": "OCLCA"
          },
          {
            "d": "DHA"
          },
          {
            "d": "OCLCQ"
          },
          {
            "d": "GILDS"
          },
          {
            "d": "IPL"
          },
          {
            "d": "NLE"
          },
          {
            "d": "OCLCO"
          }
        ]
      }
    },
    {
      "015": {
        "ind1": "\\",
        "ind2": "\\",
        "subfields": [
          {
            "a": "GB93-67051"
          }
        ]
      }
    },
    {
      "015": {
        "ind1": "\\",
        "ind2": "\\",
        "subfields": [
          {
            "a": "b93Y6811"
          }
        ]
      }
    },
    {
      "016": {
        "ind1": "7",
        "ind2": "\\",
        "subfields": [
          {
            "a": "008-04193"
          },
          {
            "2": "uk"
          }
        ]
      }
    },
    {
      "016": {
        "ind1": "7",
        "ind2": "\\",
        "subfields": [
          {
            "a": "GB9-36705"
          },
          {
            "2": "uk"
          }
        ]
      }
    },
    {
      "016": {
        "ind1": "7",
        "ind2": "\\",
        "subfields": [
          {
            "a": "b93-67051"
          },
          {
            "2": "uk"
          }
        ]
      }
    },
    {
      "019": {
        "ind1": "\\",
        "ind2": "\\",
        "subfields": [
          {
            "a": "29635485"
          },
          {
            "a": "1221483245"
          }
        ]
      }
    },
    {
      "020": {
        "ind1": "\\",
        "ind2": "\\",
        "subfields": [
          {
            "a": "0080419364"
          }
        ]
      }
    },
    {
      "020": {
        "ind1": "\\",
        "ind2": "\\",
        "subfields": [
          {
            "a": "9780080419367"
          }
        ]
      }
    },
    {
      "035": {
        "ind1": "\\",
        "ind2": "\\",
        "subfields": [
          {
            "a": "(OCoLC)27727189"
          },
          {
            "z": "(OCoLC)29635485"
          },
          {
            "z": "(OCoLC)1221483245"
          }
        ]
      }
    },
    {
      "043": {
        "ind1": "\\",
        "ind2": "\\",
        "subfields": [
          {
            "a": "d------"
          }
        ]
      }
    },
    {
      "050": {
        "ind1": "0",
        "ind2": "0",
        "subfields": [
          {
            "a": "LC2610"
          },
          {
            "b": ".C65 1993"
          }
        ]
      }
    },
    {
      "082": {
        "ind1": "0",
        "ind2": "0",
        "subfields": [
          {
            "a": "378.1724"
          },
          {
            "b": "COL"
          }
        ]
      }
    },
    {
      "049": {
        "ind1": "\\",
        "ind2": "\\",
        "subfields": [
          {
            "a": "NYRV"
          }
        ]
      }
    },
    {
      "100": {
        "ind1": "1",
        "ind2": "\\",
        "subfields": [
          {
            "a": "Coleman, James S.,"
          },
          {
            "d": "1926-1995."
          }
        ]
      }
    },
    {
      "245": {
        "ind1": "1",
        "ind2": "0",
        "subfields": [
          {
            "a": "University development in the third world :"
          },
          {
            "b": "the Rockefeller Foundation experience /"
          },
          {
            "c": "James Coleman with David Court ; The Rockefeller Foundation Nairobi, Kenya."
          }
        ]
      }
    },
    {
      "250": {
        "ind1": "\\",
        "ind2": "\\",
        "subfields": [
          {
            "a": "1st ed."
          }
        ]
      }
    },
    {
      "260": {
        "ind1": "\\",
        "ind2": "\\",
        "subfields": [
          {
            "a": "Oxford ;"
          },
          {
            "a": "New York :"
          },
          {
            "b": "Pergamon Press,"
          },
          {
            "c": "1993."
          }
        ]
      }
    },
    {
      "300": {
        "ind1": "\\",
        "ind2": "\\",
        "subfields": [
          {
            "a": "xviii, 417 pages ;"
          },
          {
            "c": "24 cm"
          }
        ]
      }
    },
    {
      "336": {
        "ind1": "\\",
        "ind2": "\\",
        "subfields": [
          {
            "a": "text"
          },
          {
            "b": "txt"
          },
          {
            "2": "rdacontent"
          }
        ]
      }
    },
    {
      "337": {
        "ind1": "\\",
        "ind2": "\\",
        "subfields": [
          {
            "a": "unmediated"
          },
          {
            "b": "n"
          },
          {
            "2": "rdamedia"
          }
        ]
      }
    },
    {
      "338": {
        "ind1": "\\",
        "ind2": "\\",
        "subfields": [
          {
            "a": "volume"
          },
          {
            "b": "nc"
          },
          {
            "2": "rdacarrier"
          }
        ]
      }
    },
    {
      "504": {
        "ind1": "\\",
        "ind2": "\\",
        "subfields": [
          {
            "a": "Includes bibliographical references and indexes."
          }
        ]
      }
    },
    {
      "505": {
        "ind1": "0",
        "ind2": "0",
        "subfields": [
          {
            "g": "Pt. I."
          },
          {
            "t": "Context and History --"
          },
          {
            "g": "1."
          },
          {
            "t": "The International Setting --"
          },
          {
            "g": "2."
          },
          {
            "t": "Early Roots and Antecedents --"
          },
          {
            "g": "3."
          },
          {
            "t": "Genesis of the Program --"
          },
          {
            "g": "Pt. II."
          },
          {
            "t": "Review of Individual University Centers --"
          },
          {
            "g": "4."
          },
          {
            "t": "Columbia and Chile --"
          },
          {
            "g": "5."
          },
          {
            "t": "Brazil --"
          },
          {
            "g": "6."
          },
          {
            "t": "Nigeria --"
          },
          {
            "g": "7."
          },
          {
            "t": "Eastern Africa --"
          },
          {
            "g": "8."
          },
          {
            "t": "Zaire --"
          },
          {
            "g": "9."
          },
          {
            "t": "The Philippines --"
          },
          {
            "g": "10."
          },
          {
            "t": "Thailand --"
          },
          {
            "g": "11."
          },
          {
            "t": "Indonesia --"
          },
          {
            "g": "Pt. III."
          },
          {
            "t": "The Process of Institution Building --"
          },
          {
            "g": "12."
          },
          {
            "t": "The Selection of Institutions --"
          },
          {
            "g": "13."
          },
          {
            "t": "Concentration and Interdisciplinarity --"
          },
          {
            "g": "14."
          },
          {
            "t": "Staff Development and Professionalization --"
          },
          {
            "g": "15."
          },
          {
            "t": "Strengthening University Administration and the Role of Expatriate Staff --"
          },
          {
            "g": "16."
          },
          {
            "t": "Innovations: Curriculum Degree Structure, Research and Regional Centers --"
          },
          {
            "g": "Pt. IV."
          },
          {
            "t": "Selected Issues in University Development --"
          },
          {
            "g": "17."
          },
          {
            "t": "The Development University --"
          },
          {
            "g": "18."
          },
          {
            "t": "The International and National Environment --"
          },
          {
            "g": "19."
          },
          {
            "t": "Geopolitics and Ideology --"
          },
          {
            "g": "20."
          },
          {
            "t": "Lessons Learned --"
          },
          {
            "g": "21."
          },
          {
            "t": "The New Context of University Development: Towards 2000."
          }
        ]
      }
    },
    {
      "610": {
        "ind1": "2",
        "ind2": "0",
        "subfields": [
          {
            "a": "Rockefeller Foundation."
          }
        ]
      }
    },
    {
      "650": {
        "ind1": "\\",
        "ind2": "0",
        "subfields": [
          {
            "a": "Education, Higher"
          },
          {
            "z": "Developing countries"
          },
          {
            "x": "Planning."
          }
        ]
      }
    },
    {
      "650": {
        "ind1": "\\",
        "ind2": "0",
        "subfields": [
          {
            "a": "Universities and colleges"
          },
          {
            "z": "Developing countries"
          },
          {
            "x": "Finance."
          }
        ]
      }
    },
    {
      "610": {
        "ind1": "2",
        "ind2": "7",
        "subfields": [
          {
            "a": "Rockefeller Foundation."
          },
          {
            "2": "fast"
          },
          {
            "0": "(OCoLC)fst00528303"
          }
        ]
      }
    },
    {
      "650": {
        "ind1": "\\",
        "ind2": "7",
        "subfields": [
          {
            "a": "Education, Higher"
          },
          {
            "x": "Planning."
          },
          {
            "2": "fast"
          },
          {
            "0": "(OCoLC)fst00903085"
          }
        ]
      }
    },
    {
      "650": {
        "ind1": "\\",
        "ind2": "7",
        "subfields": [
          {
            "a": "Universities and colleges"
          },
          {
            "x": "Finance."
          },
          {
            "2": "fast"
          },
          {
            "0": "(OCoLC)fst01161770"
          }
        ]
      }
    },
    {
      "651": {
        "ind1": "\\",
        "ind2": "7",
        "subfields": [
          {
            "a": "Developing countries."
          },
          {
            "2": "fast"
          },
          {
            "0": "(OCoLC)fst01242969"
          }
        ]
      }
    },
    {
      "700": {
        "ind1": "1",
        "ind2": "\\",
        "subfields": [
          {
            "a": "Court, David."
          }
        ]
      }
    },
    {
      "710": {
        "ind1": "2",
        "ind2": "\\",
        "subfields": [
          {
            "a": "Rockefeller Foundation."
          }
        ]
      }
    },
    {
      "776": {
        "ind1": "0",
        "ind2": "8",
        "subfields": [
          {
            "i": "Online version:"
          },
          {
            "a": "Coleman, James Samuel, 1926-1995."
          },
          {
            "t": "University development in the third world."
          },
          {
            "b": "1st ed."
          },
          {
            "d": "Oxford ; New York : Pergamon Press, 1993"
          },
          {
            "w": "(OCoLC)607725100"
          }
        ]
      }
    },
    {
      "776": {
        "ind1": "0",
        "ind2": "8",
        "subfields": [
          {
            "i": "Online version:"
          },
          {
            "a": "Coleman, James Samuel, 1926-1995."
          },
          {
            "t": "University development in the third world."
          },
          {
            "b": "1st ed."
          },
          {
            "d": "Oxford ; New York : Pergamon Press, 1993"
          },
          {
            "w": "(OCoLC)621630201"
          }
        ]
      }
    },
    {
      "856": {
        "ind1": "4",
        "ind2": "1",
        "subfields": [
          {
            "3": "Table of contents"
          },
          {
            "u": "http://www.gbv.de/dms/bowker/toc/9780080419367.pdf"
          }
        ]
      }
    },
    {
      "999": {
        "ind1": "\\",
        "ind2": "\\",
        "subfields": [
          {
            "a": "00000000019782"
          }
        ]
      }
    },
    {
      "994": {
        "ind1": "\\",
        "ind2": "\\",
        "subfields": [
          {
            "a": "C0"
          },
          {
            "b": "NYRVC"
          }
        ]
      }
    }
  ]
}